@article{buyya2009cloud,
  title={Cloud computing and emerging IT platforms: Vision, hype, and reality for delivering computing as the 5th utility},
  author={Buyya, Rajkumar and Yeo, Chee Shin and Venugopal, Srikumar and Broberg, James and Brandic, Ivona},
  journal={Future Generation computer systems},
  volume={25},
  number={6},
  pages={599--616},
  year={2009},
  publisher={Elsevier}
}

@article{armbrust2010view,
  title={A view of cloud computing},
  author={Armbrust, Michael and Fox, Armando and Griffith, Rean and Joseph, Anthony D and Katz, Randy and Konwinski, Andy and Lee, Gunho and Patterson, David and Rabkin, Ariel and Stoica, Ion and others},
  journal={Communications of the ACM},
  volume={53},
  number={4},
  pages={50--58},
  year={2010},
  publisher={ACM}
}

@inproceedings{aazam2014cloud,
  title={Cloud of Things: Integrating Internet of Things and cloud computing and the issues involved},
  author={Aazam, Mohammad and Khan, Imran and Alsaffar, Aymen Abdullah and Huh, Eui-Nam},
  booktitle={Applied Sciences and Technology (IBCAST), 2014 11th International Bhurban Conference on},
  pages={414--419},
  year={2014},
  organization={IEEE}
}

@inproceedings{bonomi2012fog,
  title={Fog computing and its role in the internet of things},
  author={Bonomi, Flavio and Milito, Rodolfo and Zhu, Jiang and Addepalli, Sateesh},
  booktitle={Proceedings of the first edition of the MCC workshop on Mobile cloud computing},
  pages={13--16},
  year={2012},
  organization={ACM}
}

@article{chiang2016fog,
  title={Fog and IoT: An overview of research opportunities},
  author={Chiang, Mung and Zhang, Tao},
  journal={IEEE Internet of Things Journal},
  volume={3},
  number={6},
  pages={854--864},
  year={2016},
  publisher={IEEE}
}

@article{nickelson1998telehealth,
  title={Telehealth and the evolving health care system: Strategic opportunities for professional psychology.},
  author={Nickelson, David W},
  journal={Professional Psychology: Research and Practice},
  volume={29},
  number={6},
  pages={527},
  year={1998},
  publisher={American Psychological Association}
}

@inproceedings{gia2015fog,
  title={Fog computing in healthcare internet of things: A case study on ecg feature extraction},
  author={Gia, Tuan Nguyen and Jiang, Mingzhe and Rahmani, Amir-Mohammad and Westerlund, Tomi and Liljeberg, Pasi and Tenhunen, Hannu},
  booktitle={Computer and Information Technology; Ubiquitous Computing and Communications; Dependable, Autonomic and Secure Computing; Pervasive Intelligence and Computing (CIT/IUCC/DASC/PICOM), 2015 IEEE International Conference on},
  pages={356--363},
  year={2015},
  organization={IEEE}
}

@inproceedings{dubey2015fog,
  title={Fog data: Enhancing telehealth big data through fog computing},
  author={Dubey, Harishchandra and Yang, Jing and Constant, Nick and Amiri, Amir Mohammad and Yang, Qing and Makodiya, Kunal},
  booktitle={Proceedings of the ASE BigData \& SocialInformatics 2015},
  pages={14},
  year={2015},
  organization={ACM}
}

@inproceedings{hong2013mobile,
  title={Mobile fog: A programming model for large-scale applications on the internet of things},
  author={Hong, Kirak and Lillethun, David and Ramachandran, Umakishore and Ottenw{\"a}lder, Beate and Koldehofe, Boris},
  booktitle={Proceedings of the second ACM SIGCOMM workshop on Mobile cloud computing},
  pages={15--20},
  year={2013},
  organization={ACM}
}

@incollection{buhalis2013smart,
  title={Smart tourism destinations},
  author={Buhalis, Dimitrios and Amaranggana, Aditya},
  booktitle={Information and communication technologies in tourism 2014},
  pages={553--564},
  year={2013},
  publisher={Springer}
}

@article{azuma1997survey,
  title={A survey of augmented reality},
  author={Azuma, Ronald T},
  journal={Presence: Teleoperators and virtual environments},
  volume={6},
  number={4},
  pages={355--385},
  year={1997},
  publisher={MIT Press}
}

@inproceedings{kohlwey2011leveraging,
  title={Leveraging the cloud for big data biometrics: Meeting the performance requirements of the next generation biometric systems},
  author={Kohlwey, Edmund and Sussman, Abel and Trost, Jason and Maurer, Amber},
  booktitle={Services (SERVICES), 2011 IEEE World Congress on},
  pages={597--601},
  year={2011},
  organization={IEEE}
}

@inproceedings{ayad2014real,
  title={Real-time mobile cloud computing: A case study in face recognition},
  author={Ayad, Marwa and Taher, Mohamed and Salem, Ashraf},
  booktitle={Advanced Information Networking and Applications Workshops (WAINA), 2014 28th International Conference on},
  pages={73--78},
  year={2014},
  organization={IEEE}
}

@inproceedings{stojmenovic2012mobile,
  title={Mobile cloud computing for biometric applications},
  author={Stojmenovic, Milos},
  booktitle={Network-Based Information Systems (NBiS), 2012 15th International Conference on},
  pages={654--659},
  year={2012},
  organization={IEEE}
}

@inproceedings{soyata2012cloud,
  title={Cloud-vision: Real-time face recognition using a mobile-cloudlet-cloud acceleration architecture},
  author={Soyata, Tolga and Muraleedharan, Rajani and Funai, Colin and Kwon, Minseok and Heinzelman, Wendi},
  booktitle={Computers and Communications (ISCC), 2012 IEEE Symposium on},
  pages={000059--000066},
  year={2012},
  organization={IEEE}
}

@article{hu2017fog,
  title={Fog computing-based face identification and resolution scheme in internet of things},
  author={Hu, Pengfei and Ning, Huansheng and Qiu, Tie and Zhang, Yanfei and Luo, Xiong},
  journal={IEEE Transactions on Industrial Informatics},
  year={2017},
  publisher={IEEE}
}

@inproceedings{shanahan2015large,
  title={Large scale distributed data science using apache spark},
  author={Shanahan, James G and Dai, Laing},
  booktitle={Proceedings of the 21th ACM SIGKDD International Conference on Knowledge Discovery and Data Mining},
  pages={2323--2324},
  year={2015},
  organization={ACM}
}

@inproceedings{aazam2015fog,
  title={Fog computing micro datacenter based dynamic resource estimation and pricing model for IoT},
  author={Aazam, Mohammad and Huh, Eui-Nam},
  booktitle={Advanced Information Networking and Applications (AINA), 2015 IEEE 29th International Conference on},
  pages={687--694},
  year={2015},
  organization={IEEE}
}

@inproceedings{tang2015hierarchical,
  title={A hierarchical distributed fog computing architecture for big data analysis in smart cities},
  author={Tang, Bo and Chen, Zhen and Hefferman, Gerald and Wei, Tao and He, Haibo and Yang, Qing},
  booktitle={Proceedings of the ASE BigData \& SocialInformatics 2015},
  pages={28},
  year={2015},
  organization={ACM}
}

@article{roman2018mobile,
  title={Mobile edge computing, fog et al.: A survey and analysis of security threats and challenges},
  author={Roman, Rodrigo and Lopez, Javier and Mambo, Masahiro},
  journal={Future Generation Computer Systems},
  volume={78},
  pages={680--698},
  year={2018},
  publisher={Elsevier}
}

@inproceedings{stojmenovic2014fog,
  title={The fog computing paradigm: Scenarios and security issues},
  author={Stojmenovic, Ivan and Wen, Sheng},
  booktitle={Computer Science and Information Systems (FedCSIS), 2014 Federated Conference on},
  pages={1--8},
  year={2014},
  organization={IEEE}
}

@inproceedings{yi2015survey,
  title={A survey of fog computing: concepts, applications and issues},
  author={Yi, Shanhe and Li, Cheng and Li, Qun},
  booktitle={Proceedings of the 2015 Workshop on Mobile Big Data},
  pages={37--42},
  year={2015},
  organization={ACM}
}